@online{jira,
    title = "What is a Kanban Board?",
    url  = "https://www.atlassian.com/agile/kanban/boards",
    addendum = "(accessed: 07.05.2021)",
}

@online{live_share,
    title = "Live Share Extension Pack",
    url  = "https://marketplace.visualstudio.com/items?itemName=MS-vsliveshare.vsliveshare-pack",
    addendum = "(accessed: 07.05.2021)",
}

@online{branching,
    title = "Feature branching your way to greatness",
    url  = "https://www.atlassian.com/agile/software-development/branching",
    addendum = "(accessed: 07.05.2021)",
}

@online{docker-swarm,
    title = "Docker swarm overview",
    url  = "https://docs.docker.com/engine/swarm/",
    addendum = "(accessed: 07.05.2021)",
}

@online{docker-ingress,
    title = "Docker ingress network",
    url  = "https://docs.docker.com/engine/swarm/ingress/",
    addendum = "(accessed: 07.05.2021)",
}